<?xml version = "1.0" encoding = "UTF-8"?><OAI-PMH xmlns="http://www.openarchives.org/OAI/2.0/" xmlns:xsi="http://www.w3.org/2001/XMLSchema-instance" xsi:schemaLocation="http://www.openarchives.org/OAI/2.0/ http://www.openarchives.org/OAI/2.0/OAI-PMH.xsd"><ListRecords><record><header><identifier>aleph-publish:002354118</identifier></header><metadata><record xmlns="http://www.ddb.de/professionell/mabxml/mabxml-1.xsd"><leader>00423vM2.01200024------h</leader><controlfield tag="LDR">00423vM2.01200024------h</controlfield><controlfield tag="FMT">MH</controlfield><datafield tag="001" ind1="-" ind2="1"><subfield code="a">HT006233738</subfield></datafield><datafield tag="002" ind1="a" ind2="1"><subfield code="a">19940701</subfield></datafield><controlfield tag="030">a|1uc||||||17</controlfield><controlfield tag="050">a|||||||||||||</controlfield><controlfield tag="051">m|||||||</controlfield><datafield tag="070" ind1="-" ind2="1"><subfield code="a">5</subfield></datafield><datafield tag="080" ind1="-" ind2="1"><subfield code="a">60</subfield></datafield><datafield tag="100" ind1="-" ind2="1"><subfield code="p">Gray, Michael</subfield><subfield code="9">(DE-588)113727283</subfield></datafield><datafield tag="304" ind1="b" ind2="1"><subfield code="a">Mother! &lt;dt.&gt;</subfield></datafield><datafield tag="331" ind1="-" ind2="1"><subfield code="a">&lt;&lt;Die&gt;&gt; Frank-Zappa-Story</subfield></datafield><datafield tag="359" ind1="-" ind2="1"><subfield code="a">Michael Gray</subfield></datafield><datafield tag="403" ind1="-" ind2="1"><subfield code="a">1. Aufl.</subfield></datafield><datafield tag="410" ind1="-" ind2="1"><subfield code="a">Köln</subfield></datafield><datafield tag="412" ind1="-" ind2="1"><subfield code="a">vgs</subfield></datafield><datafield tag="425" ind1="a" ind2="1"><subfield code="a">1994</subfield></datafield><datafield tag="433" ind1="-" ind2="1"><subfield code="a">270 S. : Ill.</subfield></datafield><datafield tag="501" ind1="-" ind2="1"><subfield code="a">Aus d. Engl. übers.</subfield></datafield><datafield tag="540" ind1="a" ind2="1"><subfield code="a">3-8025-2300-8</subfield></datafield><datafield tag="902" ind1="-" ind2="1"><subfield code="p">Zappa, Frank</subfield><subfield code="d">1940-1993</subfield><subfield code="9">(DE-588)118636200</subfield></datafield><datafield tag="902" ind1="-" ind2="1"><subfield code="f">Biographie</subfield></datafield><controlfield tag="SYS">002354118</controlfield><datafield tag="LOW" ind1="-" ind2="1"><subfield code="a">K0001</subfield></datafield><datafield tag="LOW" ind1="-" ind2="1"><subfield code="a">Q0001</subfield></datafield><datafield tag="952" ind1="-" ind2="1"><subfield code="p">Zappa, Frank Vincent</subfield><subfield code="d">1940-1993</subfield></datafield><datafield tag="952" ind1="-" ind2="1"><subfield code="p">Zappa, Francesco</subfield><subfield code="d">1940-1993</subfield></datafield><datafield tag="952" ind1="-" ind2="1"><subfield code="p">Zappa, Francis Vincent</subfield><subfield code="d">1940-1993</subfield></datafield><datafield tag="088" ind1=" " ind2=" "><subfield code="a">38</subfield><subfield code="b">00000001</subfield><subfield code="c">18A7686</subfield><subfield code="e">ILL Ausleihe</subfield></datafield><datafield tag="088" ind1=" " ind2=" "><subfield code="a">5</subfield><subfield code="b">00000010</subfield><subfield code="c">94/4324</subfield><subfield code="e">ILL Ausleihe</subfield></datafield><datafield tag="088" ind1=" " ind2=" "><subfield code="a">52</subfield></datafield><datafield tag="088" ind1=" " ind2=" "><subfield code="a">60</subfield></datafield></record></metadata></record></ListRecords></OAI-PMH>